<?xml version="1.0" encoding="UTF-8"?>
<OAI-PMH xmlns="http://www.openarchives.org/OAI/2.0/" xmlns:xsi="http://www.w3.org/2001/XMLSchema-instance" xsi:schemaLocation="http://www.openarchives.org/OAI/2.0/ http://www.openarchives.org/OAI/2.0/OAI-PMH.xsd">
<ListRecords>
<record>
<header status="updated">
<identifier>urm_publish:71288227160002121</identifier>
</header>
<metadata>
<record xmlns="http://www.loc.gov/MARC21/slim" xmlns:xsi="http://www.w3.org/2001/XMLSchema-instance" xsi:schemaLocation="http://www.loc.gov/MARC21/slim http://www.loc.gov/standards/marcxml/schema/MARC21slim.xsd" ><leader>01140mam a2200337 a 4500</leader><controlfield tag="005">20130510152547.0</controlfield><controlfield tag="008">880504s1986    nscabo   s   s00000 eng d</controlfield><controlfield tag="001">999592336202121</controlfield><datafield tag="020" ind1=" " ind2=" "><subfield code="z">088710850</subfield></datafield><datafield tag="034" ind1="1" ind2=" "><subfield code="a">a</subfield><subfield code="b">2000000</subfield></datafield><datafield tag="035" ind1=" " ind2=" "><subfield code="a">(OCoLC)17895636</subfield></datafield><datafield tag="035" ind1=" " ind2=" "><subfield code="9">AKA0921UW</subfield></datafield><datafield tag="035" ind1=" " ind2=" "><subfield code="a">(WU)1279196-uwmadisondb</subfield></datafield><datafield tag="040" ind1=" " ind2=" "><subfield code="a">AZU</subfield><subfield code="b">eng</subfield><subfield code="c">AZU</subfield></datafield><datafield tag="043" ind1=" " ind2=" "><subfield code="a">n-cn-ns</subfield></datafield><datafield tag="050" ind1=" " ind2="4"><subfield code="a">G1126.G1</subfield><subfield code="b">N68 1986</subfield></datafield><datafield tag="052" ind1=" " ind2=" "><subfield code="a">3420</subfield></datafield><datafield tag="110" ind1="1" ind2=" "><subfield code="a">Nova Scotia.</subfield><subfield code="b">Department of Development.</subfield><subfield code="2">LCNAMES</subfield><subfield code="0">41-LIBRARY_OF_CONGRESS-n  50055152</subfield><subfield code="9">Y</subfield></datafield><datafield tag="245" ind1="1" ind2="0"><subfield code="a">Nova Scotia resource atlas.</subfield></datafield><datafield tag="255" ind1=" " ind2=" "><subfield code="a">Scale 1:2,000,000.</subfield></datafield><datafield tag="264" ind1=" " ind2="1"><subfield code="a">Halifax, Nova Scotia :</subfield><subfield code="b">Department of Development,</subfield><subfield code="c">[1974]</subfield></datafield><datafield tag="300" ind1=" " ind2=" "><subfield code="a">1 atlas (76 pages) :</subfield><subfield code="b">illustrations (some color), color maps ;</subfield><subfield code="c">28 x 36 cm</subfield></datafield><datafield tag="336" ind1=" " ind2=" "><subfield code="a">text</subfield><subfield code="b">txt</subfield><subfield code="2">rdacontent</subfield></datafield><datafield tag="337" ind1=" " ind2=" "><subfield code="a">unmediated</subfield><subfield code="b">n</subfield><subfield code="2">rdamedia</subfield></datafield><datafield tag="338" ind1=" " ind2=" "><subfield code="a">volume</subfield><subfield code="b">nc</subfield><subfield code="2">rdacarrier</subfield></datafield><datafield tag="500" ind1=" " ind2=" "><subfield code="a">"Prepared and funded by: Department of Development."--P. 76.</subfield></datafield><datafield tag="500" ind1=" " ind2=" "><subfield code="a">Three outline maps on tracing paper in back of atlas.</subfield></datafield><datafield tag="651" ind1=" " ind2="0"><subfield code="a">Nova Scotia</subfield><subfield code="x">Economic conditions</subfield><subfield code="x">Maps.</subfield><subfield code="2">LCSH</subfield></datafield><datafield tag="651" ind1=" " ind2="0"><subfield code="a">Nova Scotia</subfield><subfield code="x">Maps.</subfield><subfield code="2">LCSH</subfield></datafield><datafield tag="651" ind1=" " ind2="0"><subfield code="a">Nova Scotia</subfield><subfield code="x">Economic conditions</subfield><subfield code="v">Statistics.</subfield><subfield code="2">LCSH</subfield></datafield><datafield tag="997" ind1=" " ind2=" "><subfield code="a">MARCIVE</subfield></datafield><datafield tag="110" ind1="1" ind2=" "><subfield code="w">nnea</subfield><subfield code="a">Nova Scotia.</subfield><subfield code="b">Dept. of Development</subfield><subfield code="2">LCNAMES</subfield><subfield code="0">41-LIBRARY_OF_CONGRESS-n  50055152</subfield><subfield code="9">N</subfield></datafield><datafield tag="110" ind1="1" ind2=" "><subfield code="a">Nova Scotia.</subfield><subfield code="b">Development, Department of</subfield><subfield code="2">LCNAMES</subfield><subfield code="0">41-LIBRARY_OF_CONGRESS-n  50055152</subfield><subfield code="9">N</subfield></datafield><datafield tag="110" ind1="1" ind2=" "><subfield code="w">a</subfield><subfield code="a">Nova Scotia.</subfield><subfield code="b">Department of Trade and Industry</subfield><subfield code="2">LCNAMES</subfield><subfield code="0">41-LIBRARY_OF_CONGRESS-n  50055152</subfield><subfield code="9">R</subfield></datafield><datafield tag="INST" ind1=" " ind2=" "><subfield code="a">01UWI_NETWORK</subfield><subfield code="b">P</subfield><subfield code="c">71288227160002121</subfield></datafield><datafield tag="INST" ind1=" " ind2=" "><subfield code="a">01UWI_MAD</subfield><subfield code="b">P</subfield><subfield code="c">21525908460002122</subfield></datafield><datafield tag="AVA" ind1=" " ind2=" "><subfield code="0">9912791963602122</subfield><subfield code="8">22854728380002122</subfield><subfield code="a">01UWI_MAD</subfield><subfield code="b">REMOTE</subfield><subfield code="c">by request only</subfield><subfield code="d">G1126 G1 N68 1986</subfield><subfield code="e">available</subfield><subfield code="f">1</subfield><subfield code="g">0</subfield><subfield code="j">vsf</subfield><subfield code="k">0</subfield><subfield code="p">1</subfield><subfield code="q">Verona Shelving Facility</subfield></datafield><datafield tag="MMS" ind1=" " ind2=" "><subfield code="b">999592336202121</subfield><subfield code="a">01UWI_NETWORK</subfield></datafield><datafield tag="MMS" ind1=" " ind2=" "><subfield code="b">9912791963602122</subfield><subfield code="a">01UWI_MAD</subfield></datafield></record>
</metadata>
</record>
</ListRecords>
</OAI-PMH>